<record><leader>00000cas a22000007a 4500</leader><controlfield tag="001">48261775</controlfield><controlfield tag="008">011102d1997uuuuazumr ne      0   a0eng d</controlfield><datafield ind1=" " ind2=" " tag="010"><subfield code="a">sn2001060129</subfield></datafield><datafield ind1=" " ind2=" " tag="040"><subfield code="a">ANN</subfield><subfield code="b">eng</subfield><subfield code="c">ANN</subfield><subfield code="d">OCLCF</subfield><subfield code="d">OCLCO</subfield></datafield><datafield ind1="1" ind2=" " tag="029"><subfield code="a">AU@</subfield><subfield code="b">000023173576</subfield></datafield><datafield ind1=" " ind2=" " tag="042"><subfield code="a">msc</subfield></datafield><datafield ind1=" " ind2=" " tag="043"><subfield code="a">n-us-az</subfield></datafield><datafield ind1="0" ind2="0" tag="245"><subfield code="a">Yavapai freepress.</subfield></datafield><datafield ind1="0" ind2="0" tag="246"><subfield code="a">Yavapai free press</subfield></datafield><datafield ind1=" " ind2=" " tag="260"><subfield code="a">Prescott, Ariz. :</subfield><subfield code="b">Yavapai FreePress Partnership,</subfield></datafield><datafield ind1=" " ind2=" " tag="300"><subfield code="a">v. :</subfield><subfield code="b">ill.</subfield></datafield><datafield ind1=" " ind2=" " tag="310"><subfield code="a">Monthly</subfield></datafield><datafield ind1="0" ind2=" " tag="362"><subfield code="a">Vol. 3, no. 3 (Jan. 1997)-</subfield></datafield><datafield ind1=" " ind2="0" tag="651"><subfield code="a">Prescott (Ariz.)</subfield><subfield code="v">Newspapers.</subfield></datafield><datafield ind1=" " ind2="0" tag="651"><subfield code="a">Yavapai County (Ariz.)</subfield><subfield code="v">Newspapers.</subfield></datafield><datafield ind1=" " ind2="7" tag="655"><subfield code="a">Newspapers.</subfield><subfield code="2">fast</subfield><subfield code="0">(OCoLC)fst01423814</subfield></datafield><datafield ind1=" " ind2="7" tag="651"><subfield code="a">Arizona</subfield><subfield code="z">Prescott.</subfield><subfield code="2">fast</subfield><subfield code="0">(OCoLC)fst01210000</subfield></datafield><datafield ind1=" " ind2="7" tag="651"><subfield code="a">Arizona</subfield><subfield code="z">Yavapai County.</subfield><subfield code="2">fast</subfield><subfield code="0">(OCoLC)fst01217120</subfield></datafield><datafield ind1=" " ind2=" " tag="752"><subfield code="a">United States</subfield><subfield code="b">Arizona</subfield><subfield code="c">Yavapai</subfield><subfield code="d">Prescott.</subfield></datafield><datafield ind1="0" ind2="0" tag="780"><subfield code="t">Prescott freepress</subfield><subfield code="w">(DLC)sn 2001060128</subfield></datafield></record>